@book{Prob,
	title={Probability and Statistics in Particle Physics},
	author={Frodesen, A.G. , O. Skjeggestad},
	isbn={8200019063},
	year={1980},
	publisher={Columbia University Press},
	keywords = {physics}
}